@misc{innovery,
	author = {Innovery S.p.A },
	title = {{Profilo} {aziendale}},
	URL = "https://innovery.net/it/chi-siamo/"
}

@misc{innoveryservizi,
	author = {Innovery S.p.A},
	title = {{Servizi} {offerti}},
	URL = "https://innovery.net/wp-content/uploads/2019/05/INNOVERY_Company-profile_v-1.26-2.pdf"
}

@misc{sia,
	author = {Sia S.p.A},
	title = {{Profilo} {aziendale}},
	URL = "https://www.sia.eu/it/gruppo-sia/chi-siamo"
}

@misc{siasoluzioni,
	author = {Sia S.p.A},
	title = {{Soluzioni}},
	URL = "https://www.sia.eu/it/soluzioni"
}


@misc{scruminfo,
	author = "Luca GeekandJob",
	title = {{Scrum}},
	URL = "https://medium.com/geekandjob-blog"
}